@online{GarrettTerminology,
  title = {Terminology},
  author = {Garrett},
  url = {http://www.turbobygarrett.com/turbobygarrett/terminology},
  timestamp = {2015-09-27 13:43:18},
  urldate = {2015-09-27},
}


@misc{EstillIntercooler,
  title = {Heat {{Exchanger Theory}} and {{Intercoolers}}},
  timestamp = {2016-06-21T09:58:41Z},
  urldate = {2016-06-21},
  howpublished = {\url{http://www.gnttype.org/techarea/turbo/intercooler.html}},
  author = {Estill, John},
  file = {Intercooler Theory:/home/etnoy/.mozilla/firefox/tfs5ocaz.default/zotero/storage/9N2ZG8MW/intercooler.html:text/html}
}




@techreport{Isaac-Lowry2004,
  title = {Turbo {{Selection}}: {{A Guide}} to {{Understanding Flow Maps}}},
  timestamp = {2015-09-27T20:11:28Z},
  urldate = {2015-09-27},
  author = {Isaac-Lowry, Jacob},
  month = jul,
  year = {2004},
  file = {Turbo Selection\: A Guide to Understanding Flow Maps - Automotive Articles .com Magazine:/home/etnoy/.mozilla/firefox/tfs5ocaz.default/zotero/storage/KK7RJTUN/Turbo_Selection.html:text/html}
}





@article{Eriksson1998,
  title = {Closed Loop Ignition Control by Ionization Current Interpretation},
  volume = {106},
  doi = {10.4271/970854},
  abstract = {10},
  timestamp = {2015-09-27 22:16:32},
  journaltitle = {{SAE} Transactions, Journal of Engines},
  shortjournal = {{SAE} Trans. J. Engines},
  author = {Eriksson, Lars and Nielsen, Lars and Glavenius, Mikael},
  date = {1998},
  pages = {1216--1223},
}





@book{FerozepuriaTurbocharger,
  title = {Turbocharger Technology},
  isbn = {978-5-88200-994-5},
  timestamp = {2015-09-27 21:59:55},
  author = {Ferozepuria, Preet}
}



